<?xml version="1.0" encoding="UTF-8"?><collection xmlns="http://www.loc.gov/MARC21/slim"><record><leader>00304nam--2200121-i-4500</leader><controlfield tag="001">000037973</controlfield><controlfield tag="002">20161230</controlfield><controlfield tag="005">20161230201041</controlfield><controlfield tag="008">060222s1000------------r-----000-0-eng-d</controlfield><datafield ind1=" " ind2=" " tag="100"><subfield code="a">Ragozin,N.A</subfield></datafield><datafield ind1=" " ind2=" " tag="245"><subfield code="a">Combustibili pentru motoare cu reactie</subfield></datafield><datafield ind1=" " ind2=" " tag="260"><subfield code="a">Bucuresti, Ed.Tehnica, 1962. 151 P</subfield></datafield><datafield ind1=" " ind2=" " tag="852"><subfield code="a">8065</subfield></datafield></record></collection>